
@mscthesis{Mehrdad_thesis,
        author = "Mehrdad Farajtabar",
        title = "Semi-supervised Learning and its Application to Image Categorization",
        institution = "Sharif University of Technology",
        year = {2011},
}

@INPROCEEDINGS{ML_in_RS,
author={Camps-Valls, G.},
booktitle={Machine Learning for Signal Processing, 2009. MLSP 2009. IEEE International Workshop on}, title={Machine learning in remote sensing data processing},
year={2009},
month={sept.},
volume={},
number={},
pages={1 -6},
keywords={machine learning;radar images;remote sensing data analysis;remote sensing data processing;remotely sensed multispectral images;signal processing algorithms;geophysical signal processing;image classification;learning (artificial intelligence);remote sensing;},
doi={10.1109/MLSP.2009.5306233},
ISSN={},}

@article{Belkin_semisupervised,
  title={Manifold regularization: A geometric framework for learning from labeled and unlabeled examples},
  author={Belkin, M. and Niyogi, P. and Sindhwani, V.},
  journal={The Journal of Machine Learning Research},
  volume={7},
  pages={2399--2434},
  year={2006},
  publisher={JMLR. org}
}


@INPROCEEDINGS{LLE1,
author={Tian Han and Goodenough, D.G.},
booktitle={Geoscience and Remote Sensing Symposium, 2005. IGARSS '05. Proceedings. 2005 IEEE International}, title={Nonlinear feature extraction of hyperspectral data based on locally linear embedding (LLE)},
year={2005},
month={july},
volume={2},
number={},
pages={ 1237 - 1240},
keywords={},
doi={10.1109/IGARSS.2005.1525342},
ISSN={},}

@ARTICLE{Bachmann_exploiting,
author={Bachmann, C.M. and Ainsworth, T.L. and Fusina, R.A.},
journal={Geoscience and Remote Sensing, IEEE Transactions on}, title={Exploiting manifold geometry in hyperspectral imagery},
year={2005},
month={march},
volume={43},
number={3},
pages={ 441 - 454},
keywords={ AVIRIS; Airborne Visible Imaging Spectrometer; BRDF; Cuprite; ISOMAP; PROBE2; USA; Virginia Coast Reserve; bidirectional reflectance distribution function; computational cost; data compression; geodesic distance; hyperspectral data space; isometric mapping; land-cover classification; linear mixing; linear mixture; local linear embedding; manifold coordinates; manifold geometry; minimum noise fraction transform; data compression; geophysical signal processing; image classification; multidimensional signal processing; terrain mapping;},
doi={10.1109/TGRS.2004.842292},
ISSN={0196-2892},}

@INPROCEEDINGS{Crawford_Apply_Nonlinear,
author={ Yangchi Chen and Crawford, M.M. and Ghosh, J.},
booktitle={Geoscience and Remote Sensing Symposium, 2005. IGARSS '05. Proceedings. 2005 IEEE International}, title={Applying nonlinear manifold learning to hyperspectral data for land cover classification},
year={2005},
month={july},
volume={6},
number={},
pages={ 4311 - 4314},
keywords={},
doi={10.1109/IGARSS.2005.1525872},
ISSN={},}

@INPROCEEDINGS{Bachmann_coordinate,
author={ Bachmann, C.M. and Ainsworth, T.L. and Fusina, R.A.},
booktitle={Geoscience and Remote Sensing Symposium, 2005. IGARSS '05. Proceedings. 2005 IEEE International}, title={Improved manifold coordinate representations of hyperspectral imagery},
year={2005},
month={july},
volume={6},
number={},
pages={ 4307 - 4310},
keywords={},
doi={10.1109/IGARSS.2005.1525871},
ISSN={},}

@INPROCEEDINGS{Crawford_Cover,
author={Yangchi Chen and Crawford, M.M. and Ghosh, J.},
booktitle={Geoscience and Remote Sensing Symposium, 2006. IGARSS 2006. IEEE International Conference on}, title={Improved Nonlinear Manifold Learning for Land Cover Classification via Intelligent Landmark Selection},
year={2006},
month={31 2006-aug. 4},
volume={},
number={},
pages={545 -548},
keywords={Botswana;Hyperion hyperspectral data;Landmark-Isomap;Okavango Delta;SStress;feature extraction;good-of-fit measure;intelligent landmark selection;isometric feature mapping;land cover classification;local linear embedding;nonlinear manifold learning;remote sensing;feature extraction;geophysical signal processing;image classification;learning (artificial intelligence);remote sensing;},
doi={10.1109/IGARSS.2006.144},
ISSN={},}

@ARTICLE{Bachmann_improved,
author={Bachmann, C.M. and Ainsworth, T.L. and Fusina, R.A.},
journal={Geoscience and Remote Sensing, IEEE Transactions on}, title={Improved Manifold Coordinate Representations of Large-Scale Hyperspectral Scenes},
year={2006},
month={oct. },
volume={44},
number={10},
pages={2786 -2803},
keywords={ISOMAP;Jeffries-Matsushita distance;Virginia coast reserve;automatic classification;geodesic coordinate calculation;geodesic distance;graph methods;hyperspectral data manifold;hyperspectral imagery;intrinsic manifold coordinate;isometric mapping;large-scale hyperspectral scene;multidimensional scaling;nonlinear dimensionality reduction;tree searching;vantage point forest;vantage point tree;differential geometry;forestry;image classification;remote sensing;tree searching;},
doi={10.1109/TGRS.2006.881801},
ISSN={0196-2892},}

@INPROCEEDINGS{Crawford_multi_resol,
author={Wonkook Kim and Yangchi Chen and Crawford, M.M. and Tilton, J.C. and Ghosh, J.},
booktitle={Geoscience and Remote Sensing Symposium, 2007. IGARSS 2007. IEEE International}, title={Multiresolution manifold learning for classification of hyperspectral data},
year={2007},
month={july},
volume={},
number={},
pages={3785 -3788},
keywords={Botswana;EO-1 satellite;Hyperion sensor;Okavango Delta;best basis binary hierarchical classifier;hyperspectral data classification;local geometric distances;localized contextual information;nonlinear manifold learning;shortest path k-nearest neighbor classifier;spatial distribution;spatial-spectral segmentation method;support vector machine classifier;image classification;image segmentation;learning (artificial intelligence);remote sensing;support vector machines;},
doi={10.1109/IGARSS.2007.4423667},
ISSN={},}

@INPROCEEDINGS{Multi_resol_1,
author={Aksoy, S. and Akcay, H.G.},
booktitle={Recent Advances in Space Technologies, 2005. RAST 2005. Proceedings of 2nd International Conference on}, title={Multi-resolution segmentation and shape analysis for remote sensing image classification},
year={2005},
month={june},
volume={},
number={},
pages={ 599 - 604},
keywords={ cluster memberships; decision tree classifiers; land cover; land use; multi-resolution approximations; multi-resolution segmentation; multiple representations; remote sensing image classification; shape analysis; shape properties; spatial information; spectral properties; textural properties; wavelet transform; geophysical signal processing; image classification; image resolution; image segmentation; terrain mapping; wavelet transforms;},
doi={10.1109/RAST.2005.1512638},
ISSN={ },}

@ARTICLE{Camps_valls_Graph_Based,
author={Camps-Valls, G. and Bandos Marsheva, T. and Zhou, D.},
journal={Geoscience and Remote Sensing, IEEE Transactions on}, title={Semi-Supervised Graph-Based Hyperspectral Image Classification},
year={2007},
month={oct. },
volume={45},
number={10},
pages={3044 -3054},
keywords={Nystrom method;classification map;composite kernels;contextual information;high-input pixel dimension;kernel matrix;kernel-based method;remote sensing;semisupervised graph-based hyperspectral image classification;spatial variability;spectral signature;support vector machine;geophysical signal processing;graph theory;image classification;multidimensional signal processing;spectral analysis;support vector machines;terrain mapping;},
doi={10.1109/TGRS.2007.895416},
ISSN={0196-2892},}

@ARTICLE{Spatially_Coherent,
author={Mohan, A. and Sapiro, G. and Bosch, E.},
journal={Geoscience and Remote Sensing Letters, IEEE}, title={Spatially Coherent Nonlinear Dimensionality Reduction and Segmentation of Hyperspectral Images},
year={2007},
month={april },
volume={4},
number={2},
pages={206 -210},
keywords={hyperspectral image segmentation;linear embedding;pixel comparison;spatially coherent nonlinear dimensionality reduction;vector angle distance;vector classification;geophysical signal processing;geophysical techniques;image classification;image segmentation;multidimensional signal processing;remote sensing;spectral analysis;},
doi={10.1109/LGRS.2006.888105},
ISSN={1545-598X},}

@ARTICLE{Camps_Valls_Composite_Kernels,
author={Camps-Valls, G. and Gomez-Chova, L. and Munoz-Mari, J. and Vila-Frances, J. and Calpe-Maravilla, J.},
journal={Geoscience and Remote Sensing Letters, IEEE}, title={Composite kernels for hyperspectral image classification},
year={2006},
month={jan.},
volume={3},
number={1},
pages={ 93 - 97},
keywords={ Mercer kernels; composite kernel machines; hyperspectral image classification; image texture; kernel classifiers; spectral information; support vector machine; geophysical signal processing; geophysical techniques; image classification; image texture; remote sensing; support vector machines;},
doi={10.1109/LGRS.2005.857031},
ISSN={1545-598X},}

@article{isomap,
  title={A global geometric framework for nonlinear dimensionality reduction},
  author={Tenenbaum, J.B. and Silva, V. and Langford, J.C.},
  journal={Science},
  volume={290},
  number={5500},
  pages={2319},
  year={2000},
  publisher={American Association for the Advancement of Science}
}

@article{LLE,
  title={Nonlinear dimensionality reduction by locally linear embedding},
  author={Roweis, S.T. and Saul, L.K.},
  journal={Science},
  volume={290},
  number={5500},
  pages={2323},
  year={2000},
  publisher={American Association for the Advancement of Science}
}

@INPROCEEDINGS{Bachmann_app_1,
author={Bachmann, C.M. and Ainsworth, T.L. and Gillis, D.B. and Maness, S.J. and Montes, M.J. and Donato, T.F. and Bowles, J.H. and Korwan, D.R. and Fusina, R.A. and Lamela, G.M. and Rhea, W.J.},
booktitle={OCEANS, 2005. Proceedings of MTS/IEEE}, title={A new data-driven approach to modeling coastal bathymetry from hyperspectral imagery using manifold coordinates},
year={2005},
month={},
volume={},
number={},
pages={ 2242 - 2249 Vol. 3},
keywords={ AD 2004; EcoLight; Florida; Indian River Lagoon; PHILLS; Portable Hyperspectral Imager for low-light spectroscopy; coastal bathymetry modeling; data-driven approach; hyperspectral imagery; information extraction; inherent optical properties; look-up tables; manifold coordinates; nonlinear structure modeling; nonlinearity parameterization; radiative transfer modeling; radiative transfer software package; reflectance decay; shallow waters; bathymetry; data acquisition; oceanographic techniques; radiative transfer; underwater optics;},
doi={10.1109/OCEANS.2005.1640099},
ISSN={},}

@INPROCEEDINGS{Bachmann_app_2,
author={Bachmann, C.M. and Ainsworth, T.L. and Gillis, D.B. and Maness, S.J. and Montes, M.J. and Donato, T.F. and Bowles, J.H. and Korwan, D.R. and Fusina, R.A. and Lamela, G.M. and Rhea, W.J.},
booktitle={Geoscience and Remote Sensing Symposium, 2006. IGARSS 2006. IEEE International Conference on}, title={Modeling Coastal Waters from Hyperspectral Imagery using Manifold Coordinates},
year={2006},
month={31 2006-aug. 4},
volume={},
number={},
pages={356 -359},
keywords={AD 2004 07;Florida;Indian River Lagoon;Isometric Mapping;NRL PHILLS;Naval Research Laboratory;SHOALS LIDAR;bathymetry;coastal waters modeling;data driven method;data manifold coordinates;hyperspectral imagery;nonlinear structure modeling;radiative transfer look-up table approach;surf zone;water column;bathymetry;oceanographic techniques;},
doi={10.1109/IGARSS.2006.96},
ISSN={},}

@INPROCEEDINGS{Bachmann_app_3,
author={Bachmann, C.M. and Ainsworth, T.L.},
booktitle={Geoscience and Remote Sensing Symposium, 2007. IGARSS 2007. IEEE International}, title={Bathymetric retrieval from manifold coordinate representations of hyperspectral imagery},
year={2007},
month={july},
volume={},
number={},
pages={1548 -1551},
keywords={AD 2004;Florida;ISOMAP algorithm;Indian river lagoon;PHILLS hyperspectral camera;SHOALS LIDAR data;bathymetry;forward radiative transfer models;hyperspectral imagery coordinate representations;hyperspectral look up table;isometric mapping algorithm;look up table compression;manifold coordinates;reduced dimensionality representation extraction;bathymetry;data reduction;geophysical signal processing;hydrological techniques;optical radar;rivers;table lookup;},
doi={10.1109/IGARSS.2007.4423105},
ISSN={},}

@ARTICLE{Bachmann_app_4,
author={Bachmann, C.M. and Ainsworth, T.L. and Fusina, R.A. and Montes, M.J. and Bowles, J.H. and Korwan, D.R. and Gillis, D.B.},
journal={Geoscience and Remote Sensing, IEEE Transactions on}, title={Bathymetric Retrieval From Hyperspectral Imagery Using Manifold Coordinate Representations},
year={2009},
month={march },
volume={47},
number={3},
pages={884 -897},
keywords={AD 2004;Florida;Indian River Lagoon;Portable Hyperspectral Imager for Low-Light Spectroscopy PHILLS;SHOALS;Scanning Hydrographic Operational Airborne LIDAR survey beach zone;bathymetry;hyperspectral camera;hyperspectral imagery;isometric mapping algorithm;manifold coordinate representation;river channel;bathymetry;geophysical signal processing;geophysical techniques;optical radar;remote sensing by radar;rivers;},
doi={10.1109/TGRS.2008.2005732},
ISSN={0196-2892},}

@inproceedings{Vantage_Point_Forest,
  title={Data structures and algorithms for nearest neighbor search in general metric spaces},
  author={Yianilos, P.N.},
  booktitle={Proceedings of the fourth annual ACM-SIAM Symposium on Discrete algorithms},
  pages={311--321},
  year={1993},
  organization={Society for Industrial and Applied Mathematics}
}

@inproceedings{Zhou_1,
  title={Learning with local and global consistency},
  author={Zhou, D. and Bousquet, O. and Lal, T.N. and Weston, J. and Schölkopf, B.},
  booktitle={Advances in Neural Information Processing Systems 16: Proceedings of the 2003 Conference},
  pages={595--602},
  year={2004}
}


@inproceedings{Zhou_2,
  title={Semi-supervised learning using gaussian fields and harmonic functions},
  author={Zhu, X. and Ghahramani, Z. and Lafferty, J.},
  booktitle={MACHINE LEARNING-INTERNATIONAL WORKSHOP THEN CONFERENCE-},
  volume={20},
  number={2},
  pages={912},
  year={2003}
}


@INPROCEEDINGS{Bachmann_local,
author={Ainsworth, T.L. and Bachmann, C.M. and Fusina, R.A.},
booktitle={Geoscience and Remote Sensing Symposium, 2007. IGARSS 2007. IEEE International}, title={Local intrinsic dimensionality of hyperspectral imagery from non-linear manifold coordinates},
year={2007},
month={july},
volume={},
number={},
pages={1541 -1542},
keywords={ISOMAP manifold approach;computational approach;data analysis methods;data compression limits;eigenvalue spectrum;hyperspectral image analysis;intrinsic dimensionality;nonlinear manifold coordinates;spanning path lengths;theoretical approach;data analysis;data compression;image processing;},
doi={10.1109/IGARSS.2007.4423103},
ISSN={},}

@INPROCEEDINGS{Bachmann_auto_estim,
author={Bachmann, C.M. and Ainsworth, T.L. and Fusina, R.A.},
booktitle={Geoscience and Remote Sensing Symposium, 2008. IGARSS 2008. IEEE International}, title={Automated Estimation of Spectral Neighborhood Size in Manifold Coordinate Representations of Hyperspectral Imagery: Implications for Anomaly Finding, Bathymetry Retrieval, and Land Applications},
year={2008},
month={july},
volume={1},
number={},
pages={I-56 -I-57},
keywords={anomaly finding;automated estimation;backend classifier;bathymetry retrieval;data compression;data structure;high-dimensional data;hyperspectral imaging sensors;in-water retrievals;intrinsic manifold coordinate models;land applications;land-cover mapping;reflectance data;spectral neighborhood size;bathymetry;data compression;geophysical techniques;vegetation;},
doi={10.1109/IGARSS.2008.4778791},
ISSN={},}

@INPROCEEDINGS{Bachmann_parallel,
author={Bachmann, C.M. and Ainsworth, T.L. and Fusina, R.A. and Topping, R. and Gates, T.},
booktitle={Geoscience and Remote Sensing Symposium (IGARSS), 2010 IEEE International}, title={Manifold coordinate representations of hyperspectral imagery: Improvements in algorithm performance and computational efficiency},
year={2010},
month={july},
volume={},
number={},
pages={4244 -4247},
keywords={algorithm performance;computational efficiency;high-dimensional data;hyperspectral imagery;manifold coordinate representations;nonlinear structure;geophysical image processing;remote sensing;},
doi={10.1109/IGARSS.2010.5653550},
ISSN={2153-6996},}

@INPROCEEDINGS{Diffusion_Maps_1,
author={Isaacs, J.C.},
booktitle={OCEANS 2009, MTS/IEEE Biloxi - Marine Technology for Our Future: Global and Local Challenges}, title={Diffusion map kernel analysis for target classification},
year={2009},
month={oct.},
volume={},
number={},
pages={1 -7},
keywords={Gaussian kernel;binary target classification problems;differential geometry;diffusion map kernel analysis;factor analysis;feature selection;graph theory;manifold-learning technique;polynomial kernel;principal component analysis;Gaussian processes;differential geometry;graph theory;pattern classification;polynomials;principal component analysis;},
doi={},
ISSN={},}

@ARTICLE{LTS_1,
author={Ma, L. and Crawford, M.M. and Tian, J.W.},
journal={Electronics Letters}, title={Generalised supervised local tangent space alignment for hyperspectral image classification},
year={2010},
month={1},
volume={46},
number={7},
pages={497 -498},
keywords={generalisation method;hyperspectral image classification;kernel function;local tangent space alignment algorithm;supervised LTSA algorithm;generalisation (artificial intelligence);image classification;learning (artificial intelligence);},
doi={10.1049/el.2010.2613},
ISSN={0013-5194},}


@INPROCEEDINGS{LTS_2,
author={Li Ma and Crawford, M.M. and Jinwen Tian},
booktitle={Geoscience and Remote Sensing Symposium (IGARSS), 2010 IEEE International}, title={Anomaly detection for hyperspectral images using local tangent space alignment},
year={2010},
month={july},
volume={},
number={},
pages={824 -827},
keywords={LTSA-based detector;anomaly detection;embedded space;hyperspectral images;kernel RX detectors;local tangent space alignment;minimum distance detector;out-of-sample extension;recursive hierarchical segmentation algorithm;geophysical image processing;image segmentation;spectral analysis;},
doi={10.1109/IGARSS.2010.5652183},
ISSN={2153-6996},}

@ARTICLE{Crawford_LML,
author={Li Ma and Crawford, M.M. and Jinwen Tian},
journal={Geoscience and Remote Sensing, IEEE Transactions on}, title={Local Manifold Learning-Based k -Nearest-Neighbor for Hyperspectral Image Classification},
year={2010},
month={nov. },
volume={48},
number={11},
pages={4099 -4109},
keywords={AVIRIS hyperspectral data;Hyperion hyperspectral data;Laplacian eigenmaps;SLML-weighted kNN classifier;ULML-kNN;dimensionality reduction;hyperspectral image classification;k-nearest-neighbor classifier;kernel function;local manifold learning;local tangent space alignment;locally linear embedding;geophysical image processing;geophysical techniques;image classification;},
doi={10.1109/TGRS.2010.2055876},
ISSN={0196-2892},}

@INPROCEEDINGS{Camps_Valls_LapSVM_1,
author={Gomez-Chova, L. and Camps-Vails, G. and Munoz-Mari, J. and Calpe, J.},
booktitle={Geoscience and Remote Sensing Symposium, 2007. IGARSS 2007. IEEE International},
title={Semi-supervised cloud screening with Laplacian SVM},
year={2007},
month={july},
volume={},
number={},
pages={1521 -1524},
keywords={ENVISAT data;ENVIronmental SATellite;Laplacian support vector machine;MERIS instrument;MEdium Resolution Imaging Spectrometer;cloud features identification;kernel methods;multispectral images;near-infrared spectral range;semisupervised cloud screening;space-borne sensors;spectral graph theory;visible spectral range;atmospheric techniques;clouds;geophysics computing;learning (artificial intelligence);remote sensing;support vector machines;},
doi={10.1109/IGARSS.2007.4423098},
ISSN={},}

@ARTICLE{Camps_Valls_LapSVM,
author={Gomez-Chova, L. and Camps-Valls, G. and Munoz-Mari, J. and Calpe, J.},
journal={Geoscience and Remote Sensing Letters, IEEE}, title={Semisupervised Image Classification With Laplacian Support Vector Machines},
year={2008},
month={july },
volume={5},
number={3},
pages={336 -340},
keywords={LapSVM;Laplacian support vector machines;cloud screening;graph theory;kernel machines;remote sensing;semisupervised image classification;urban monitoring;clouds;geophysics computing;graph theory;image classification;remote sensing;support vector machines;},
doi={10.1109/LGRS.2008.916070},
ISSN={1545-598X},}

@INPROCEEDINGS{LapSVM_Knowledge_Transfer_1,
author={Wonkook Kim and Crawford, M.M. and Ghosh, J.},
booktitle={Geoscience and Remote Sensing Symposium, 2008. IGARSS 2008. IEEE International}, title={Spatially Adapted Manifold Learning for Classification of Hyperspectral Imagery with Insufficient Labeled Data},
year={2008},
month={july},
volume={1},
number={},
pages={I-213 -I-216},
keywords={Laplacian regularization;hyperspectral imagery classification;manifold learning;semisupervised learning;spatially adaptive classification method;spectral signatures;geophysical techniques;geophysics computing;image classification;},
doi={10.1109/IGARSS.2008.4778831},
ISSN={},}

@ARTICLE{LapSVM_Knowledge_Transfer_2,
author={Wonkook Kim and Crawford, M.M.},
journal={Geoscience and Remote Sensing, IEEE Transactions on}, title={Adaptive Classification for Hyperspectral Image Data Using Manifold Regularization Kernel Machines},
year={2010},
month={nov. },
volume={48},
number={11},
pages={4110 -4121},
keywords={EO-1 Hyperion images;adaptive classification;hyperspectral image data;localized training data;manifold regularization;semisupervised kernel machines;spatially disjoint data;geophysical image processing;geophysical techniques;image classification;learning (artificial intelligence);},
doi={10.1109/TGRS.2010.2076287},
ISSN={0196-2892},}

@ARTICLE{on_graph_diffusion,
author={Qiuhua Liu and Xuejun Liao and Carin, L.},
journal={Geoscience and Remote Sensing, IEEE Transactions on}, title={Detection of Unexploded Ordnance via Efficient Semisupervised and Active Learning},
year={2008},
month={sept. },
volume={46},
number={9},
pages={2558 -2567},
keywords={active learning;buried item;electromagnetic induction;excavation;magnetometer;random Markov walk;semi supervised learning;unexploded ordnance detection;Markov processes;electromagnetic induction;landmine detection;learning (artificial intelligence);magnetometers;random processes;remote sensing;},
doi={10.1109/TGRS.2008.920468},
ISSN={0196-2892},}

@article{Sparse_Bayesian_Learning,
  title={Sparse Bayesian learning and the relevance vector machine},
  author={Tipping, M.E.},
  journal={The Journal of Machine Learning Research},
  volume={1},
  pages={211--244},
  year={2001},
  publisher={JMLR. org}
}

@INPROCEEDINGS{RHSEG,
author={Tilton, J.C.},
booktitle={Advances in Techniques for Analysis of Remotely Sensed Data, 2003 IEEE Workshop on}, title={Analysis of hierarchically related image segmentations},
year={2003},
month={oct.},
volume={},
number={},
pages={ 60 - 69},
keywords={ Landsat Thematic Mapper data comparison; hierarchical segmentation algorithm; image segmentations; recursive formulation; image representation; image segmentation; recursive estimation;},
doi={10.1109/WARSD.2003.1295173},
ISSN={ },}

@ARTICLE{HSWO,
author={Beaulieu, J.-M. and Goldberg, M.},
journal={Pattern Analysis and Machine Intelligence, IEEE Transactions on}, title={Hierarchy in picture segmentation: a stepwise optimization approach },
year={1989},
month={feb},
volume={11},
number={2},
pages={150 -163},
keywords={computerised picture processing;data structure;hierarchical decomposition;iterative methods;picture segmentation;sequential optimization;stepwise optimization;tree;computerised picture processing;iterative methods;optimisation;trees (mathematics);},
doi={10.1109/34.16711},
ISSN={0162-8828},}

@INPROCEEDINGS{HSEG,
author={Tilton, J.C.},
booktitle={Geoscience and Remote Sensing Symposium Proceedings, 1998. IGARSS '98. 1998 IEEE International}, title={Image segmentation by region growing and spectral clustering with a natural convergence criterion},
year={1998},
month={jul},
volume={4},
number={},
pages={1766 -1768 vol.4},
keywords={Landsat;dissimilarity criterion;geophysical measurement technique;hierarchical segmentation;image region growing;image segmentation;land surface;multispectral remote sensing;natural convergence criterion;recursive implementation;spectral clustering;terrain mapping;geophysical signal processing;geophysical techniques;image segmentation;remote sensing;},
doi={10.1109/IGARSS.1998.703645},
ISSN={},}

@ARTICLE{EM_RS_1,
author={Jackson, Q. and Landgrebe, D.A.},
journal={Geoscience and Remote Sensing, IEEE Transactions on},
title={An adaptive classifier design for high-dimensional data analysis with a limited training data set},
year={2001},
month={dec},
volume={39},
number={12},
pages={2664 -2679},
keywords={Hughes phenomenon;adaptive classifier design;adaptive iterative classifier;class label information;classification accuracy;high-dimensional data analysis;labeled samples;limited training data set;multispectral data;peak phenomenon;remote sensing applications;self-improving adaptive classifier;self-learning adaptive classifier;semilabeled samples;statistics estimation;data analysis;remote sensing;},
doi={10.1109/36.975001},
ISSN={0196-2892},}

@ARTICLE{transductiveSVM_1,
author={Bruzzone, L. and Mingmin Chi and Marconcini, M.},
journal={Geoscience and Remote Sensing, IEEE Transactions on},
title={A Novel Transductive SVM for Semisupervised Classification of Remote-Sensing Images},
year={2006},
month={nov. },
volume={44},
number={11},
pages={3363 -3373},
keywords={ill-posed remote sensing problems;iterative algorithm;labeled patterns;machine learning;remote-sensing images;semisupervised classification;statistical learning theory;support vector machines;transductive SVM;transductive inference;unlabeled patterns;geophysics computing;image classification;inference mechanisms;iterative methods;learning (artificial intelligence);remote sensing;support vector machines;},
doi={10.1109/TGRS.2006.877950},
ISSN={0196-2892},}

@ARTICLE{SVM_with_cluster,
author={Tuia, D. and Camps-Valls, G.},
journal={Geoscience and Remote Sensing Letters, IEEE},
title={Semisupervised Remote Sensing Image Classification With Cluster Kernels},
year={2009},
month={april },
volume={6},
number={2},
pages={224 -228},
keywords={cluster kernels;remote sensing images classification;semisupervised support vector machine;training kernel representation;geophysical techniques;geophysics computing;image classification;remote sensing;support vector machines;},
doi={10.1109/LGRS.2008.2010275},
ISSN={1545-598X},}

@ARTICLE{SVDD_1,
author={Munoz-Marf, J. and Bruzzone, L. and Camps-Vails, G.},
journal={Geoscience and Remote Sensing, IEEE Transactions on},
title={A Support Vector Domain Description Approach to Supervised Classification of Remote Sensing Images},
year={2007},
month={aug. },
volume={45},
number={8},
pages={2683 -2692},
keywords={bauxite processing;land-cover;remote sensing;single-class classification;support vector domain description method;geophysical signal processing;image classification;remote sensing;support vector machines;},
doi={10.1109/TGRS.2007.897425},
ISSN={0196-2892},}

@INPROCEEDINGS{Combin_oneclass,
author={Munoz-Mari, J. and Camps-Valls, G. and Gomez-Chova, L. and Calpe-Maravilla, J.},
booktitle={Geoscience and Remote Sensing Symposium, 2007. IGARSS 2007. IEEE International},
title={Combination of one-class remote sensing image classifiers},
year={2007},
month={july},
volume={},
number={},
pages={1509 -1512},
keywords={Gaussian classical mixture;MoG;OCC probabilistic outputs;SAR data;SVDD classifier;contextual features;dedicated OCC combination methods;dedicated one class classifiers;efficient remote sensing image classification;mean combination rule;multisensor data;multisource features;one class remote sensing image classifiers;optical data;product combination rule;spectral features;support vector domain description;urban monitoring application;geophysical signal processing;geophysical techniques;image classification;remote sensing;support vector machines;synthetic aperture radar;},
doi={10.1109/IGARSS.2007.4423095},
ISSN={},}

@book{book_gustavo,
  title={Kernel methods for remote sensing data analysis},
  author={Camps-Valls, G. and Bruzzone, L.},
  year={2009},
  publisher={Wiley Online Library}
}

@article{LapSVM_code,
  title={{Laplacian Support Vector Machines Trained in the Primal}},
  author={Melacci, Stefano and Belkin, Mikhail},
  journal={Journal of Machine Learning Research},
  volume={12},
  month={March},
  year={2011},  
  issn={1532-4435},  
  pages={1149--1184},
  numpages={36},
  publisher={JMLR.org}
}

@misc{indian_pine,
  title = {MultiSpec© | Tutorials},
  howpublished = {\url{https://engineering.purdue.edu/~biehl/MultiSpec/hyperspectral.html}},
  note = {Accessed: 19/01/2012}
}


%-----------------------------------
